@manual{vhdl,
    author = {IEEE Computer Society},
    publisher = {IEEE Press},
    title = {Std 1076-2002: IEEE Standard VHDL Language Reference Manual},
    address = {New York, NY},
    year = {2004}
}

@inproceedings{hashcons,
 author = {Filli\^{a}tre, Jean-Christophe and Conchon, Sylvain},
 title = {Type-safe modular hash-consing},
 booktitle = {ML '06: Proceedings of the 2006 workshop on ML},
 year = {2006},
 isbn = {1-59593-483-9},
 pages = {12--19},
 location = {Portland, Oregon, USA},
 doi = {http://doi.acm.org/10.1145/1159876.1159880},
 publisher = {ACM},
 address = {New York, NY, USA},
 }
